<?xml version = "1.0" encoding = "UTF-8"?><OAI-PMH xmlns="http://www.openarchives.org/OAI/2.0/" xmlns:xsi="http://www.w3.org/2001/XMLSchema-instance" xsi:schemaLocation="http://www.openarchives.org/OAI/2.0/ http://www.openarchives.org/OAI/2.0/OAI-PMH.xsd"><ListRecords><record><header><identifier>aleph-publish:020956237</identifier></header><metadata><record xmlns="http://www.ddb.de/professionell/mabxml/mabxml-1.xsd"><leader>00000nM2.01200024------h</leader><controlfield tag="LDR">00000nM2.01200024------h</controlfield><controlfield tag="FMT">MH</controlfield><datafield tag="001" ind1="-" ind2="1"><subfield code="a">HT018786244</subfield></datafield><datafield tag="002" ind1="b" ind2="1"><subfield code="a">20151022</subfield></datafield><datafield tag="003" ind1="-" ind2="1"><subfield code="a">20220201081900.0</subfield></datafield><datafield tag="020" ind1="a" ind2="1"><subfield code="a">1077262620</subfield><subfield code="b">DNB</subfield></datafield><datafield tag="020" ind1="-" ind2="1"><subfield code="a">ELiSA-9783957860415</subfield><subfield code="b">ELiSA</subfield></datafield><datafield tag="025" ind1="o" ind2="1"><subfield code="a">947138743</subfield></datafield><datafield tag="025" ind1="a" ind2="1"><subfield code="a">1077262620</subfield></datafield><datafield tag="026" ind1="-" ind2="1"><subfield code="a">DNB1077262620</subfield></datafield><controlfield tag="030">a|zur||||||17</controlfield><datafield tag="036" ind1="a" ind2="1"><subfield code="a">XA-DE-BY</subfield></datafield><datafield tag="037" ind1="b" ind2="1"><subfield code="a">ger</subfield></datafield><controlfield tag="050">a|a|||||||||||</controlfield><controlfield tag="051">s|||||||</controlfield><datafield tag="060" ind1="-" ind2="1"><subfield code="b">txt</subfield><subfield code="a">Text</subfield></datafield><datafield tag="061" ind1="-" ind2="1"><subfield code="b">n</subfield><subfield code="a">ohne Hilfsmittel zu benutzen</subfield></datafield><datafield tag="062" ind1="-" ind2="1"><subfield code="b">nc</subfield><subfield code="a">Band</subfield></datafield><datafield tag="070" ind1="-" ind2="1"><subfield code="a">6</subfield></datafield><datafield tag="070" ind1="a" ind2="1"><subfield code="a">DNB</subfield></datafield><datafield tag="070" ind1="b" ind2="1"><subfield code="a">468</subfield></datafield><datafield tag="080" ind1="-" ind2="1"><subfield code="a">60</subfield></datafield><datafield tag="100" ind1="-" ind2="1"><subfield code="p">Kruse, Andreas</subfield><subfield code="9">(DE-588)1097306496</subfield></datafield><datafield tag="331" ind1="-" ind2="1"><subfield code="a">Musik und Religion im Kontext pädagogischer Reflexion</subfield></datafield><datafield tag="335" ind1="-" ind2="1"><subfield code="a">Subjektentwicklung zwischen Nähe und Distanz</subfield></datafield><datafield tag="359" ind1="-" ind2="1"><subfield code="a">Andreas Kruse</subfield></datafield><datafield tag="419" ind1="-" ind2="1"><subfield code="a">Augsburg</subfield><subfield code="b">Wißner-Verlag</subfield><subfield code="c">[2016]</subfield></datafield><datafield tag="419" ind1="d" ind2="1"><subfield code="c">© 2016</subfield></datafield><datafield tag="425" ind1="a" ind2="1"><subfield code="a">2016</subfield></datafield><datafield tag="433" ind1="-" ind2="1"><subfield code="a">353 Seiten</subfield></datafield><datafield tag="451" ind1="-" ind2="1"><subfield code="a">Forum Musikpädagogik ; Band 133</subfield></datafield><datafield tag="453" ind1="-" ind2="1"><subfield code="a">HT004394800</subfield></datafield><datafield tag="455" ind1="-" ind2="1"><subfield code="a">Band 133</subfield></datafield><datafield tag="456" ind1="-" ind2="1"><subfield code="a">133</subfield></datafield><datafield tag="461" ind1="-" ind2="1"><subfield code="a">Augsburger Schriften</subfield></datafield><datafield tag="471" ind1="-" ind2="1"><subfield code="a">Wißner Musikbuch</subfield></datafield><datafield tag="540" ind1="a" ind2="1"><subfield code="a">978-3-95786-041-5</subfield><subfield code="b">Pb. : EUR 41.00 (AT), EUR 39.80 (DE)</subfield></datafield><datafield tag="574" ind1="-" ind2="1"><subfield code="a">15,N42</subfield></datafield><datafield tag="655" ind1="e" ind2="1"><subfield code="q">application/pdf</subfield><subfield code="u">www.folkwang-uni.de/fileadmin/medien/Downloads/Bibliothek/Inhaltsverzeichnisse/HT018786244.pdf</subfield><subfield code="x">Inhaltsverzeichnis</subfield><subfield code="A">2</subfield></datafield><datafield tag="655" ind1="e" ind2="1"><subfield code="m">V:DE-605</subfield><subfield code="q">application/pdf</subfield><subfield code="u">http://digitale-objekte.hbz-nrw.de/storage2/2016/05/23/file_11/6774058.pdf</subfield><subfield code="3">Inhaltsverzeichnis</subfield><subfield code="A">2</subfield></datafield><datafield tag="700" ind1="-" ind2="1"><subfield code="a">780</subfield><subfield code="2">DNB</subfield></datafield><datafield tag="902" ind1="-" ind2="1"><subfield code="s">Musik</subfield><subfield code="9">(DE-588)4040802-4</subfield></datafield><datafield tag="902" ind1="-" ind2="1"><subfield code="s">Religion</subfield><subfield code="9">(DE-588)4049396-9</subfield></datafield><datafield tag="902" ind1="-" ind2="1"><subfield code="s">Musikerziehung</subfield><subfield code="9">(DE-588)4040843-7</subfield></datafield><controlfield tag="SYS">020956237</controlfield><datafield tag="LOW" ind1="-" ind2="1"><subfield code="a">Z9037</subfield></datafield><datafield tag="LOW" ind1="-" ind2="1"><subfield code="a">K1095</subfield></datafield><datafield tag="952" ind1="-" ind2="1"><subfield code="s">Musikdidaktik</subfield></datafield><datafield tag="952" ind1="-" ind2="1"><subfield code="s">Musikpädagogik</subfield></datafield><datafield tag="952" ind1="-" ind2="1"><subfield code="s">Musikunterricht</subfield></datafield><datafield tag="088" ind1=" " ind2=" "><subfield code="a">575</subfield><subfield code="b">00000001</subfield><subfield code="c">BE 7:16</subfield><subfield code="e">ILL Ausleihe</subfield></datafield><datafield tag="088" ind1=" " ind2=" "><subfield code="a">38/321</subfield><subfield code="b">00321001</subfield><subfield code="c">HFB/321/MP-R22,133</subfield><subfield code="e">keine ILL</subfield></datafield><datafield tag="088" ind1=" " ind2=" "><subfield code="a">467</subfield><subfield code="c">21KKGL2089</subfield><subfield code="e">keine Angabe</subfield></datafield><datafield tag="088" ind1=" " ind2=" "><subfield code="a">6</subfield><subfield code="c">3K 63519</subfield><subfield code="e">keine Angabe</subfield></datafield><datafield tag="088" ind1=" " ind2=" "><subfield code="a">1972</subfield><subfield code="b">B2</subfield><subfield code="c">bh  11    Foru  Musi    22  -133</subfield><subfield code="e">In Bearbeitung</subfield></datafield><datafield tag="088" ind1=" " ind2=" "><subfield code="a">1156</subfield><subfield code="c">Sbh 10 / For 1 / 133</subfield><subfield code="e">keine Angabe</subfield></datafield><datafield tag="088" ind1=" " ind2=" "><subfield code="a">468</subfield><subfield code="b">21</subfield><subfield code="c">KKGL1758</subfield><subfield code="e">ausleihbar</subfield></datafield><datafield tag="088" ind1=" " ind2=" "><subfield code="a">Kn 38</subfield><subfield code="c">Ib 1894</subfield><subfield code="e">Ausleihe/4 W/V</subfield></datafield><datafield tag="088" ind1=" " ind2=" "><subfield code="a">290</subfield><subfield code="b">F_ZB</subfield><subfield code="c">Yf 6329</subfield><subfield code="e">ILL Kopie+Ausl.</subfield></datafield><datafield tag="088" ind1=" " ind2=" "><subfield code="a">361</subfield><subfield code="b">165_M</subfield><subfield code="c">FF540 K94</subfield><subfield code="e">ILL Kopie+Ausl.</subfield></datafield><datafield tag="088" ind1=" " ind2=" "><subfield code="a">466</subfield><subfield code="c">KKGL1732</subfield><subfield code="e">keine Angabe</subfield></datafield><datafield tag="088" ind1=" " ind2=" "><subfield code="a">Kob 7</subfield><subfield code="b">FRHKO</subfield><subfield code="c">MU/XG 2017 12988</subfield><subfield code="e">ausleihbar 4 Wochen</subfield></datafield><datafield tag="088" ind1=" " ind2=" "><subfield code="a">1156</subfield><subfield code="c">Sbh 10 / For 1 / 133 / a</subfield><subfield code="e">keine Angabe</subfield></datafield><datafield tag="088" ind1=" " ind2=" "><subfield code="a">1156</subfield><subfield code="c">Sbh 10 / For 1 / 133 / b</subfield><subfield code="e">keine Angabe</subfield></datafield><datafield tag="700" ind1=" " ind2="9"><subfield code="a">Sbn 50</subfield><subfield code="2">Z9038</subfield></datafield><datafield tag="700" ind1="h" ind2="9"><subfield code="a">MU 000</subfield><subfield code="2">kob</subfield></datafield><datafield tag="700" ind1=" " ind2="9"><subfield code="a">bh 11 Foru Musi</subfield><subfield code="2">X5010</subfield></datafield><datafield tag="700" ind1=" " ind2="9"><subfield code="a">bh 201 KursA Refl</subfield><subfield code="2">X5010</subfield></datafield><datafield tag="700" ind1=" " ind2="9"><subfield code="a">bh 203 KursA Refl</subfield><subfield code="2">X5010</subfield></datafield></record></metadata></record></ListRecords></OAI-PMH>